@incollection{hopcroft1971n,
  title={An n log n algorithm for minimizing states in a finite automaton},
  author={Hopcroft, John},
  booktitle={Theory of machines and computations},
  pages={189--196},
  year={1971},
  publisher={Elsevier}
}
@article{shift2008,
  title={State complexity of cyclic shift},
  author={Jir{\'a}skov{\'a}, Galina and Okhotin, Alexander},
  journal={RAIRO-Theoretical Informatics and Applications},
  volume={42},
  number={2},
  pages={335--360},
  year={2008},
  publisher={EDP Sciences}
}